@misc{hodson2014ry,
  title={Ry's Git Tutorial},
  author={Hodson, Ryan},
  year={2014},
  publisher={RyPress}
}
@book{chacon2014pro,
  title={Pro git},
  author={Chacon, Scott and Straub, Ben},
  year={2014},
  publisher={Springer Nature}
}
